
  <record>
    <leader>01000aam  22002601a 4500</leader>
    <controlfield tag="001">YPZ12587</controlfield>
    <controlfield tag="003">YPZ</controlfield>
    <controlfield tag="005">200608101222240</controlfield>
    <controlfield tag="008">060810|###########||||||b||||||||||spa|d</controlfield>
    <datafield tag="020" ind1=" " ind2=" ">
      <subfield code="a">843091241X</subfield>
    </datafield>
    <datafield tag="040" ind1=" " ind2=" ">
      <subfield code="c">SIUNPA</subfield>
    </datafield>
    <datafield tag="041" ind1=" " ind2=" ">
      <subfield code="a">spa</subfield>
    </datafield>
    <datafield tag="044" ind1=" " ind2=" ">
      <subfield code="a">ES</subfield>
    </datafield>
    <datafield tag="080" ind1=" " ind2=" ">
      <subfield code="a">940.1:321 BOD</subfield>
    </datafield>
    <datafield tag="100" ind1=" " ind2=" ">
      <subfield code="a">Bodin Jean.</subfield>
    </datafield>
    <datafield tag="245" ind1=" " ind2=" ">
      <subfield code="a">Los seis libros de la república</subfield>
      <subfield code="c"> / selección, estudio preliminar y traducción; Bravo Galo. Pedro</subfield>
    </datafield>
    <datafield tag="250" ind1=" " ind2=" ">
      <subfield code="a">3a. ed</subfield>
    </datafield>
    <datafield tag="260" ind1=" " ind2=" ">
      <subfield code="a">Madrid</subfield>
      <subfield code="b"> : Tecnos</subfield>
      <subfield code="c"> , c1997</subfield>
    </datafield>
    <datafield tag="300" ind1=" " ind2=" ">
      <subfield code="a">lxxx,307 p. : </subfield>
    </datafield>
    <datafield tag="440" ind1=" " ind2=" ">
      <subfield code="a">Les chemins de l'histoire</subfield>
      <subfield code="a">Cambridge Studies in Ecology</subfield>
      <subfield code="a">Historia de los movimientos sociales</subfield>
      <subfield code="a">Historia de los movimientos sociales</subfield>
      <subfield code="a">Historia de los movimientos sociales</subfield>
      <subfield code="a">Historia de los movimientos sociales</subfield>
      <subfield code="a">Historia de los movimientos sociales</subfield>
      <subfield code="a">Historia de los movimientos sociales</subfield>
      <subfield code="a">Historia de los movimientos sociales</subfield>
      <subfield code="a">Historia de los movimientos sociales</subfield>
      <subfield code="a">Historia de los movimientos sociales</subfield>
      <subfield code="a">Historia de los movimientos sociales</subfield>
      <subfield code="a">Historia de los movimientos sociales</subfield>
      <subfield code="a">Historia de los movimientos sociales</subfield>
      <subfield code="a">Colección clásicos del pensamiento</subfield>
      <subfield code="v">11</subfield>
    </datafield>
    <datafield tag="490" ind1=" " ind2=" ">
      <subfield code="a">Les chemins de l'histoire</subfield>
      <subfield code="a">Cambridge Studies in Ecology</subfield>
      <subfield code="a">Historia de los movimientos sociales</subfield>
      <subfield code="a">Historia de los movimientos sociales</subfield>
      <subfield code="a">Historia de los movimientos sociales</subfield>
      <subfield code="a">Historia de los movimientos sociales</subfield>
      <subfield code="a">Historia de los movimientos sociales</subfield>
      <subfield code="a">Historia de los movimientos sociales</subfield>
      <subfield code="a">Historia de los movimientos sociales</subfield>
      <subfield code="a">Historia de los movimientos sociales</subfield>
      <subfield code="a">Historia de los movimientos sociales</subfield>
      <subfield code="a">Historia de los movimientos sociales</subfield>
      <subfield code="a">Historia de los movimientos sociales</subfield>
      <subfield code="a">Historia de los movimientos sociales</subfield>
      <subfield code="a">Colección clásicos del pensamiento</subfield>
      <subfield code="v">11</subfield>
    </datafield>
    <datafield tag="440" ind1=" " ind2=" ">
      <subfield code="v">11</subfield>
    </datafield>
    <datafield tag="490" ind1=" " ind2=" ">
      <subfield code="v">11</subfield>
    </datafield>
    <datafield tag="650" ind1=" " ind2=" ">
      <subfield code="a">HISTORIA</subfield>
    </datafield>
    <datafield tag="650" ind1=" " ind2=" ">
      <subfield code="a">TEORIA POLITICA</subfield>
    </datafield>
    <datafield tag="650" ind1=" " ind2=" ">
      <subfield code="a">REPUBLICA</subfield>
    </datafield>
    <datafield tag="650" ind1=" " ind2=" ">
      <subfield code="a">DERECHO</subfield>
    </datafield>
    <datafield tag="650" ind1=" " ind2=" ">
      <subfield code="a">ESTADO</subfield>
    </datafield>
    <datafield tag="650" ind1=" " ind2=" ">
      <subfield code="a">SOBERANIA</subfield>
    </datafield>
    <datafield tag="650" ind1=" " ind2=" ">
      <subfield code="a">DOCUMENTO PRIMARIO</subfield>
    </datafield>
    <datafield tag="942" ind1=" " ind2=" ">
      <subfield code="c">BK</subfield>
    </datafield>
    <datafield tag="952" ind1=" " ind2=" ">
      <subfield code="a">BIB_RECT</subfield>
      <subfield code="b">BIB_UARG</subfield>
      <subfield code="d">2006-08-28</subfield>
      <subfield code="y">BK</subfield>
      <subfield code="p">05-12197</subfield>
      <subfield code="i">05-12197</subfield>
      <subfield code="g"/>
      <subfield code="o">940.1:321 BOD</subfield>
      <subfield code="e">FOMEC 585</subfield>
      <subfield code="8">CG</subfield>
    </datafield>
  </record>