
  <record>
    <leader>01000aam  22002601a 4500</leader>
    <controlfield tag="001">YPZ12628</controlfield>
    <controlfield tag="003">YPZ</controlfield>
    <controlfield tag="005">200608101222240</controlfield>
    <controlfield tag="008">060810|###########||||||b||||||||||spa|d</controlfield>
    <datafield tag="020" ind1=" " ind2=" ">
      <subfield code="a">8448111370</subfield>
    </datafield>
    <datafield tag="040" ind1=" " ind2=" ">
      <subfield code="c">SIUNPA</subfield>
    </datafield>
    <datafield tag="041" ind1=" " ind2=" ">
      <subfield code="a">spa</subfield>
    </datafield>
    <datafield tag="044" ind1=" " ind2=" ">
      <subfield code="a">ES</subfield>
    </datafield>
    <datafield tag="080" ind1=" " ind2=" ">
      <subfield code="a">004.43 N297j</subfield>
    </datafield>
    <datafield tag="100" ind1=" " ind2=" ">
      <subfield code="a">Naughton Patrick.</subfield>
    </datafield>
    <datafield tag="700" ind1=" " ind2=" ">
      <subfield code="a">Schildt Herbert.</subfield>
    </datafield>
    <datafield tag="245" ind1=" " ind2=" ">
      <subfield code="a">Java: manual de referencia</subfield>
      <subfield code="c"> / traducción; Checa Rubio. Marcos ; Folguera Mula. Paloma ; revisión técnica; Vaquero Sánchez. Antonio</subfield>
    </datafield>
    <datafield tag="260" ind1=" " ind2=" ">
      <subfield code="a">Madrid</subfield>
      <subfield code="b"> : Osborne/McGraw-Hill</subfield>
      <subfield code="c"> , 1997</subfield>
    </datafield>
    <datafield tag="300" ind1=" " ind2=" ">
      <subfield code="a">xxiv, 764 p. : </subfield>
      <subfield code="b">il. ; </subfield>
    </datafield>
    <datafield tag="650" ind1=" " ind2=" ">
      <subfield code="a">LENGUAJE DE PROGRAMACION</subfield>
    </datafield>
    <datafield tag="650" ind1=" " ind2=" ">
      <subfield code="a">DESARROLLO DE SOFTWARE</subfield>
    </datafield>
    <datafield tag="650" ind1=" " ind2=" ">
      <subfield code="a">JAVA</subfield>
    </datafield>
    <datafield tag="942" ind1=" " ind2=" ">
      <subfield code="c">BK</subfield>
    </datafield>
    <datafield tag="952" ind1=" " ind2=" ">
      <subfield code="a">BIB_RECT</subfield>
      <subfield code="b">BIB_UARG</subfield>
      <subfield code="d">2006-08-28</subfield>
      <subfield code="y">BK</subfield>
      <subfield code="p">05-12578</subfield>
      <subfield code="i">05-12578</subfield>
      <subfield code="g"/>
      <subfield code="o">004.43 N297j</subfield>
      <subfield code="e">FOMEC 585</subfield>
      <subfield code="8">CG</subfield>
    </datafield>
  </record>