
  <record>
    <leader>01000aam  22002601a 4500</leader>
    <controlfield tag="001">YPZ12716</controlfield>
    <controlfield tag="003">YPZ</controlfield>
    <controlfield tag="005">200608101222240</controlfield>
    <controlfield tag="008">060810|###########||||||b||||||||||spa|d</controlfield>
    <datafield tag="020" ind1=" " ind2=" ">
      <subfield code="a">9682302501</subfield>
    </datafield>
    <datafield tag="040" ind1=" " ind2=" ">
      <subfield code="c">SIUNPA</subfield>
    </datafield>
    <datafield tag="041" ind1=" " ind2=" ">
      <subfield code="a">spa</subfield>
    </datafield>
    <datafield tag="044" ind1=" " ind2=" ">
      <subfield code="a">MX</subfield>
    </datafield>
    <datafield tag="080" ind1=" " ind2=" ">
      <subfield code="a">330.342 A844m11</subfield>
    </datafield>
    <datafield tag="100" ind1=" " ind2=" ">
      <subfield code="a">Assadourian Carlos S..</subfield>
    </datafield>
    <datafield tag="700" ind1=" " ind2=" ">
      <subfield code="a">Cardoso Ciro Flamarión S. .</subfield>
    </datafield>
    <datafield tag="700" ind1=" " ind2=" ">
      <subfield code="a">Ciafardini Horacio.</subfield>
    </datafield>
    <datafield tag="700" ind1=" " ind2=" ">
      <subfield code="a">Garavaglia Juan Carlos.</subfield>
    </datafield>
    <datafield tag="700" ind1=" " ind2=" ">
      <subfield code="a">Laclau Ernesto.</subfield>
    </datafield>
    <datafield tag="245" ind1=" " ind2=" ">
      <subfield code="a">Modos de producción en América Latina</subfield>
    </datafield>
    <datafield tag="250" ind1=" " ind2=" ">
      <subfield code="a">11a. ed</subfield>
    </datafield>
    <datafield tag="260" ind1=" " ind2=" ">
      <subfield code="a">México, D.F.</subfield>
      <subfield code="b"> : Siglo XXI</subfield>
      <subfield code="c"> , 1986</subfield>
    </datafield>
    <datafield tag="440" ind1=" " ind2=" ">
      <subfield code="a">Colección narrativa dibujada. Enede. Serie del aventurador</subfield>
      <subfield code="a">Colección narrativa dibujada. Enedé. Serie del aventurador</subfield>
      <subfield code="a">Narrativa Dibujada.ENEDE Serie Sobrevivientes</subfield>
      <subfield code="a">Colección narrativa dibujada. Enede. Serie del aventurador</subfield>
      <subfield code="a">Colección narrativa dibujada. Enede serie sobrevivientes</subfield>
      <subfield code="a">Colección narrativa dibujada. Enede serie sobrevivientes</subfield>
      <subfield code="a">Colección narrativa dibujada. Enede serie sobrevivientes</subfield>
      <subfield code="a">Biblioteca E.J. Hobsbawm de Historia Contemporánea</subfield>
      <subfield code="a">Historia de Europa siglo XXI</subfield>
      <subfield code="a">Libros de historia</subfield>
      <subfield code="a">Historia</subfield>
      <subfield code="a">Cuadernos de pasado y presente</subfield>
      <subfield code="v">40</subfield>
    </datafield>
    <datafield tag="490" ind1=" " ind2=" ">
      <subfield code="a">Colección narrativa dibujada. Enede. Serie del aventurador</subfield>
      <subfield code="a">Colección narrativa dibujada. Enedé. Serie del aventurador</subfield>
      <subfield code="a">Narrativa Dibujada.ENEDE Serie Sobrevivientes</subfield>
      <subfield code="a">Colección narrativa dibujada. Enede. Serie del aventurador</subfield>
      <subfield code="a">Colección narrativa dibujada. Enede serie sobrevivientes</subfield>
      <subfield code="a">Colección narrativa dibujada. Enede serie sobrevivientes</subfield>
      <subfield code="a">Colección narrativa dibujada. Enede serie sobrevivientes</subfield>
      <subfield code="a">Biblioteca E.J. Hobsbawm de Historia Contemporánea</subfield>
      <subfield code="a">Historia de Europa siglo XXI</subfield>
      <subfield code="a">Libros de historia</subfield>
      <subfield code="a">Historia</subfield>
      <subfield code="a">Cuadernos de pasado y presente</subfield>
      <subfield code="v">40</subfield>
    </datafield>
    <datafield tag="440" ind1=" " ind2=" ">
      <subfield code="v">40</subfield>
    </datafield>
    <datafield tag="490" ind1=" " ind2=" ">
      <subfield code="v">40</subfield>
    </datafield>
    <datafield tag="650" ind1=" " ind2=" ">
      <subfield code="a">HISTORIA ECONOMICA</subfield>
    </datafield>
    <datafield tag="650" ind1=" " ind2=" ">
      <subfield code="a">ECONOMIA LATINOAMERICANA</subfield>
    </datafield>
    <datafield tag="650" ind1=" " ind2=" ">
      <subfield code="a">AMERICA LATINA</subfield>
    </datafield>
    <datafield tag="650" ind1=" " ind2=" ">
      <subfield code="a">FEUDALISMO</subfield>
    </datafield>
    <datafield tag="650" ind1=" " ind2=" ">
      <subfield code="a">SUBDESARROLLO</subfield>
    </datafield>
    <datafield tag="650" ind1=" " ind2=" ">
      <subfield code="a">CAPITALISMO</subfield>
    </datafield>
    <datafield tag="650" ind1=" " ind2=" ">
      <subfield code="a">MODOS DE PRODUCCION</subfield>
    </datafield>
    <datafield tag="942" ind1=" " ind2=" ">
      <subfield code="c">BK</subfield>
    </datafield>
    <datafield tag="952" ind1=" " ind2=" ">
      <subfield code="a">BIB_RECT</subfield>
      <subfield code="b">BIB_UARG</subfield>
      <subfield code="d">2006-08-28</subfield>
      <subfield code="y">BK</subfield>
      <subfield code="p">05-12356</subfield>
      <subfield code="i">05-12356</subfield>
      <subfield code="g"/>
      <subfield code="o">330.342 A844m11</subfield>
      <subfield code="e"/>
      <subfield code="8">CG</subfield>
    </datafield>
    <datafield tag="952" ind1=" " ind2=" ">
      <subfield code="a">BIB_RECT</subfield>
      <subfield code="b">BIB_UARG</subfield>
      <subfield code="d">2006-08-28</subfield>
      <subfield code="y">BK</subfield>
      <subfield code="p">05-12357</subfield>
      <subfield code="i">05-12357</subfield>
      <subfield code="g"/>
      <subfield code="o">330.342 A844m11</subfield>
      <subfield code="e"/>
      <subfield code="8">CG</subfield>
    </datafield>
  </record>