
  <record>
    <leader>01000aam  22002601a 4500</leader>
    <controlfield tag="001">YPZ12875</controlfield>
    <controlfield tag="003">YPZ</controlfield>
    <controlfield tag="005">200608101222240</controlfield>
    <controlfield tag="008">060810|###########||||||b||||||||||spa|d</controlfield>
    <datafield tag="020" ind1=" " ind2=" ">
      <subfield code="a">9800105042</subfield>
    </datafield>
    <datafield tag="040" ind1=" " ind2=" ">
      <subfield code="c">SIUNPA</subfield>
    </datafield>
    <datafield tag="041" ind1=" " ind2=" ">
      <subfield code="a">spa</subfield>
    </datafield>
    <datafield tag="044" ind1=" " ind2=" ">
      <subfield code="a">VE</subfield>
    </datafield>
    <datafield tag="080" ind1=" " ind2=" ">
      <subfield code="a">82.09 F948a2</subfield>
    </datafield>
    <datafield tag="100" ind1=" " ind2=" ">
      <subfield code="a">Frye Northrop.</subfield>
    </datafield>
    <datafield tag="245" ind1=" " ind2=" ">
      <subfield code="a">Anatomía de la crítica</subfield>
      <subfield code="c"> / traducción; Simons. Edison</subfield>
    </datafield>
    <datafield tag="250" ind1=" " ind2=" ">
      <subfield code="a">2a. ed</subfield>
    </datafield>
    <datafield tag="260" ind1=" " ind2=" ">
      <subfield code="a">Caracas</subfield>
      <subfield code="b"> : Monte Avila Editores</subfield>
      <subfield code="c"> , 1991</subfield>
    </datafield>
    <datafield tag="300" ind1=" " ind2=" ">
      <subfield code="a">497 p. : </subfield>
    </datafield>
    <datafield tag="650" ind1=" " ind2=" ">
      <subfield code="a">LITERATURA</subfield>
    </datafield>
    <datafield tag="650" ind1=" " ind2=" ">
      <subfield code="a">ENSAYO</subfield>
    </datafield>
    <datafield tag="650" ind1=" " ind2=" ">
      <subfield code="a">CRITICA LITERARIA</subfield>
    </datafield>
    <datafield tag="942" ind1=" " ind2=" ">
      <subfield code="c">BK</subfield>
    </datafield>
    <datafield tag="952" ind1=" " ind2=" ">
      <subfield code="a">BIB_RECT</subfield>
      <subfield code="b">BIB_UARG</subfield>
      <subfield code="d">2006-08-28</subfield>
      <subfield code="y">BK</subfield>
      <subfield code="p">05-12929</subfield>
      <subfield code="i">05-12929</subfield>
      <subfield code="g"/>
      <subfield code="o">82.09 F948a2</subfield>
      <subfield code="e"/>
      <subfield code="8">CG</subfield>
    </datafield>
    <datafield tag="952" ind1=" " ind2=" ">
      <subfield code="a">BIB_RECT</subfield>
      <subfield code="b">BIB_UARG</subfield>
      <subfield code="d">2006-08-28</subfield>
      <subfield code="y">BK</subfield>
      <subfield code="p">05-14620</subfield>
      <subfield code="i">05-14620</subfield>
      <subfield code="g"/>
      <subfield code="o">82.09 F948a2</subfield>
      <subfield code="e"/>
      <subfield code="8">CG</subfield>
    </datafield>
  </record>