
  <record>
    <leader>01000aam  22002601a 4500</leader>
    <controlfield tag="001">YPZ13055</controlfield>
    <controlfield tag="003">YPZ</controlfield>
    <controlfield tag="005">200608161306320</controlfield>
    <controlfield tag="008">060816|###########||||||b||||||||||spa|d</controlfield>
    <datafield tag="020" ind1=" " ind2=" ">
      <subfield code="a">847236889</subfield>
    </datafield>
    <datafield tag="040" ind1=" " ind2=" ">
      <subfield code="c">SIUNPA</subfield>
    </datafield>
    <datafield tag="041" ind1=" " ind2=" ">
      <subfield code="a">spa</subfield>
    </datafield>
    <datafield tag="044" ind1=" " ind2=" ">
      <subfield code="a">ES</subfield>
    </datafield>
    <datafield tag="080" ind1=" " ind2=" ">
      <subfield code="a">82-4 ROS</subfield>
    </datafield>
    <datafield tag="100" ind1=" " ind2=" ">
      <subfield code="a">Rosset Clément.</subfield>
    </datafield>
    <datafield tag="245" ind1=" " ind2=" ">
      <subfield code="a">Lo real y su doble, ensayo sobre la ilusión</subfield>
      <subfield code="b"> : ensayo sobre la ilusión</subfield>
      <subfield code="c"> / tr; Lynch. Enrique</subfield>
    </datafield>
    <datafield tag="250" ind1=" " ind2=" ">
      <subfield code="a">1a. ed</subfield>
    </datafield>
    <datafield tag="260" ind1=" " ind2=" ">
      <subfield code="a">Barcelona</subfield>
      <subfield code="b"> : TusQuets editores</subfield>
      <subfield code="c"> , 1993</subfield>
    </datafield>
    <datafield tag="300" ind1=" " ind2=" ">
      <subfield code="a">120 p. : </subfield>
    </datafield>
    <datafield tag="440" ind1=" " ind2=" ">
      <subfield code="a">Colección de ensayos Emilio Jáuregui</subfield>
      <subfield code="a">Colección clásicos universales</subfield>
      <subfield code="a">Biblioteca Cortázar</subfield>
      <subfield code="a">Biblioteca breve</subfield>
      <subfield code="a">Biblioteca breve</subfield>
      <subfield code="a">Biblioteca breve</subfield>
      <subfield code="a">Biblioteca breve</subfield>
      <subfield code="a">Ensayo</subfield>
      <subfield code="v">19</subfield>
    </datafield>
    <datafield tag="490" ind1=" " ind2=" ">
      <subfield code="a">Colección de ensayos Emilio Jáuregui</subfield>
      <subfield code="a">Colección clásicos universales</subfield>
      <subfield code="a">Biblioteca Cortázar</subfield>
      <subfield code="a">Biblioteca breve</subfield>
      <subfield code="a">Biblioteca breve</subfield>
      <subfield code="a">Biblioteca breve</subfield>
      <subfield code="a">Biblioteca breve</subfield>
      <subfield code="a">Ensayo</subfield>
      <subfield code="v">19</subfield>
    </datafield>
    <datafield tag="440" ind1=" " ind2=" ">
      <subfield code="v">19</subfield>
    </datafield>
    <datafield tag="490" ind1=" " ind2=" ">
      <subfield code="v">19</subfield>
    </datafield>
    <datafield tag="650" ind1=" " ind2=" ">
      <subfield code="a">LITERATURAENSAYO</subfield>
    </datafield>
    <datafield tag="942" ind1=" " ind2=" ">
      <subfield code="c">BK</subfield>
    </datafield>
    <datafield tag="952" ind1=" " ind2=" ">
      <subfield code="a">BIB_RECT</subfield>
      <subfield code="b">BIB_UARG</subfield>
      <subfield code="d">2006-08-28</subfield>
      <subfield code="y">BK</subfield>
      <subfield code="p">05-13101</subfield>
      <subfield code="i">05-13101</subfield>
      <subfield code="g"/>
      <subfield code="o">82-4 ROS</subfield>
      <subfield code="e">FOMEC 578</subfield>
      <subfield code="8">CG</subfield>
    </datafield>
  </record>