
  <record>
    <leader>01000aam  22002601a 4500</leader>
    <controlfield tag="001">YPZ13354</controlfield>
    <controlfield tag="003">YPZ</controlfield>
    <controlfield tag="005">200608161306330</controlfield>
    <controlfield tag="008">060816|###########||||||b||||||||||spa|d</controlfield>
    <datafield tag="020" ind1=" " ind2=" ">
      <subfield code="a">8400076958</subfield>
    </datafield>
    <datafield tag="040" ind1=" " ind2=" ">
      <subfield code="c">SIUNPA</subfield>
    </datafield>
    <datafield tag="041" ind1=" " ind2=" ">
      <subfield code="a">spa</subfield>
    </datafield>
    <datafield tag="044" ind1=" " ind2=" ">
      <subfield code="a">ES</subfield>
    </datafield>
    <datafield tag="080" ind1=" " ind2=" ">
      <subfield code="a">902 CON</subfield>
    </datafield>
    <datafield tag="100" ind1=" " ind2=" ">
      <subfield code="a">Conte Ignacio Clemente.</subfield>
    </datafield>
    <datafield tag="245" ind1=" " ind2=" ">
      <subfield code="a">Los instrumentos líticos de túnel VII, una aproximación etnoarqueológica</subfield>
      <subfield code="b"> : una aproximación etnoarqueológica</subfield>
    </datafield>
    <datafield tag="260" ind1=" " ind2=" ">
      <subfield code="a">Madrid</subfield>
      <subfield code="b"> : Universidad Autónoma de Barcelona. Consejo Superior de Investigaciones Científicas</subfield>
      <subfield code="c"> , 1997</subfield>
    </datafield>
    <datafield tag="300" ind1=" " ind2=" ">
      <subfield code="a">186 p. : </subfield>
      <subfield code="b">il., fot. ; </subfield>
    </datafield>
    <datafield tag="440" ind1=" " ind2=" ">
      <subfield code="a">Sección de obras de sociología</subfield>
      <subfield code="a">Colección Teorema</subfield>
      <subfield code="a">Crítica. Historia y teoría</subfield>
      <subfield code="a">Colección narrativa dibujada. Enedé. Serie Freakciones</subfield>
      <subfield code="a">Colección narrativa dibujada. Enedé. Serie del aventurador</subfield>
      <subfield code="a">Colección narrativa dibujada. Enedé. Serie de locos</subfield>
      <subfield code="a">Colección estructuras y procesos. Serie Filosofía</subfield>
      <subfield code="v">2</subfield>
    </datafield>
    <datafield tag="490" ind1=" " ind2=" ">
      <subfield code="a">Sección de obras de sociología</subfield>
      <subfield code="a">Colección Teorema</subfield>
      <subfield code="a">Crítica. Historia y teoría</subfield>
      <subfield code="a">Colección narrativa dibujada. Enedé. Serie Freakciones</subfield>
      <subfield code="a">Colección narrativa dibujada. Enedé. Serie del aventurador</subfield>
      <subfield code="a">Colección narrativa dibujada. Enedé. Serie de locos</subfield>
      <subfield code="a">Colección estructuras y procesos. Serie Filosofía</subfield>
      <subfield code="v">2</subfield>
    </datafield>
    <datafield tag="440" ind1=" " ind2=" ">
      <subfield code="v">2</subfield>
    </datafield>
    <datafield tag="490" ind1=" " ind2=" ">
      <subfield code="v">2</subfield>
    </datafield>
    <datafield tag="650" ind1=" " ind2=" ">
      <subfield code="a">HISTORIA</subfield>
    </datafield>
    <datafield tag="650" ind1=" " ind2=" ">
      <subfield code="a">TECNOLOGIA</subfield>
    </datafield>
    <datafield tag="650" ind1=" " ind2=" ">
      <subfield code="a">HISTORIA ARGENTINA</subfield>
    </datafield>
    <datafield tag="650" ind1=" " ind2=" ">
      <subfield code="a">ARQUEOLOGIA</subfield>
    </datafield>
    <datafield tag="942" ind1=" " ind2=" ">
      <subfield code="c">BK</subfield>
    </datafield>
    <datafield tag="952" ind1=" " ind2=" ">
      <subfield code="a">BIB_RECT</subfield>
      <subfield code="b">BIB_UARG</subfield>
      <subfield code="d">2006-08-28</subfield>
      <subfield code="y">BK</subfield>
      <subfield code="p">05-13495</subfield>
      <subfield code="i">05-13495</subfield>
      <subfield code="g"/>
      <subfield code="o">902 CON</subfield>
      <subfield code="e">CARBALLO, FLAVIA/00</subfield>
      <subfield code="8">CG</subfield>
    </datafield>
  </record>