
  <record>
    <leader>01000aam  22002601a 4500</leader>
    <controlfield tag="001">YPZ13457</controlfield>
    <controlfield tag="003">YPZ</controlfield>
    <controlfield tag="005">200608161306330</controlfield>
    <controlfield tag="008">060816|###########||||||b||||||||||spa|d</controlfield>
    <datafield tag="020" ind1=" " ind2=" ">
      <subfield code="a">9505374879</subfield>
    </datafield>
    <datafield tag="040" ind1=" " ind2=" ">
      <subfield code="c">SIUNPA</subfield>
    </datafield>
    <datafield tag="041" ind1=" " ind2=" ">
      <subfield code="a">spa</subfield>
    </datafield>
    <datafield tag="044" ind1=" " ind2=" ">
      <subfield code="a">AR</subfield>
    </datafield>
    <datafield tag="080" ind1=" " ind2=" ">
      <subfield code="a">658 A769s</subfield>
    </datafield>
    <datafield tag="100" ind1=" " ind2=" ">
      <subfield code="a">Arostegui Angel Oscar.</subfield>
    </datafield>
    <datafield tag="700" ind1=" " ind2=" ">
      <subfield code="a">Barrientos Jorge Washington.</subfield>
    </datafield>
    <datafield tag="700" ind1=" " ind2=" ">
      <subfield code="a">Blanco Isabel.</subfield>
    </datafield>
    <datafield tag="700" ind1=" " ind2=" ">
      <subfield code="a">Camarotti Paula.</subfield>
    </datafield>
    <datafield tag="700" ind1=" " ind2=" ">
      <subfield code="a">Drovetta M. Susana.</subfield>
    </datafield>
    <datafield tag="700" ind1=" " ind2=" ">
      <subfield code="a">Fovakis Antonio.</subfield>
    </datafield>
    <datafield tag="700" ind1=" " ind2=" ">
      <subfield code="a">Fucaracce Jorge Raúl.</subfield>
    </datafield>
    <datafield tag="700" ind1=" " ind2=" ">
      <subfield code="a">Ghiglione Luis María.</subfield>
    </datafield>
    <datafield tag="700" ind1=" " ind2=" ">
      <subfield code="a">Gómez Fulao Juan Carlos.</subfield>
    </datafield>
    <datafield tag="700" ind1=" " ind2=" ">
      <subfield code="a">González Padilla.</subfield>
    </datafield>
    <datafield tag="700" ind1=" " ind2=" ">
      <subfield code="a">Magdalena Fernando G..</subfield>
    </datafield>
    <datafield tag="700" ind1=" " ind2=" ">
      <subfield code="a">Moleon Rubén César.</subfield>
    </datafield>
    <datafield tag="700" ind1=" " ind2=" ">
      <subfield code="a">Nievas Gustavo Rodolfo.</subfield>
    </datafield>
    <datafield tag="700" ind1=" " ind2=" ">
      <subfield code="a">Romero Daniel Jorge.</subfield>
    </datafield>
    <datafield tag="700" ind1=" " ind2=" ">
      <subfield code="a">Segade J.L..</subfield>
    </datafield>
    <datafield tag="700" ind1=" " ind2=" ">
      <subfield code="a">Silva Andrea Raquel.</subfield>
    </datafield>
    <datafield tag="700" ind1=" " ind2=" ">
      <subfield code="a">Sotomayor Sonia B..</subfield>
    </datafield>
    <datafield tag="245" ind1=" " ind2=" ">
      <subfield code="a">Sistemas administrativos, estructuras y procesos</subfield>
      <subfield code="b"> : estructuras y procesos</subfield>
      <subfield code="c"> / coord.; Gómez Fulao. Juan Carlos ; Magdalena. Fernando G.</subfield>
    </datafield>
    <datafield tag="260" ind1=" " ind2=" ">
      <subfield code="a">Buenos Aires</subfield>
      <subfield code="b"> : Macchi</subfield>
      <subfield code="c"> , 1999</subfield>
    </datafield>
    <datafield tag="300" ind1=" " ind2=" ">
      <subfield code="a">xiii,560 p. : </subfield>
    </datafield>
    <datafield tag="942" ind1=" " ind2=" ">
      <subfield code="c">BK</subfield>
    </datafield>
    <datafield tag="952" ind1=" " ind2=" ">
      <subfield code="a">BIB_RECT</subfield>
      <subfield code="b">BIB_UACO</subfield>
      <subfield code="d">2006-12-11</subfield>
      <subfield code="y">BK</subfield>
      <subfield code="p">02-07948</subfield>
      <subfield code="i">02-07948</subfield>
      <subfield code="g">0</subfield>
      <subfield code="o">658 A769s</subfield>
      <subfield code="e"/>
      <subfield code="8">CG</subfield>
    </datafield>
    <datafield tag="952" ind1=" " ind2=" ">
      <subfield code="a">BIB_RECT</subfield>
      <subfield code="b">BIB_UACO</subfield>
      <subfield code="d">2006-12-11</subfield>
      <subfield code="y">BK</subfield>
      <subfield code="p">02-07949</subfield>
      <subfield code="i">02-07949</subfield>
      <subfield code="g">0</subfield>
      <subfield code="o">658 A769s</subfield>
      <subfield code="e"/>
      <subfield code="8">CG</subfield>
    </datafield>
    <datafield tag="952" ind1=" " ind2=" ">
      <subfield code="a">BIB_RECT</subfield>
      <subfield code="b">BIB_UACO</subfield>
      <subfield code="d">2006-12-11</subfield>
      <subfield code="y">BK</subfield>
      <subfield code="p">02-07950</subfield>
      <subfield code="i">02-07950</subfield>
      <subfield code="g">0</subfield>
      <subfield code="o">658 A769s</subfield>
      <subfield code="e"/>
      <subfield code="8">CG</subfield>
    </datafield>
    <datafield tag="952" ind1=" " ind2=" ">
      <subfield code="a">BIB_RECT</subfield>
      <subfield code="b">BIB_UARG</subfield>
      <subfield code="d">2006-08-28</subfield>
      <subfield code="y">BK</subfield>
      <subfield code="p">05-14170</subfield>
      <subfield code="i">05-14170</subfield>
      <subfield code="g"/>
      <subfield code="o">658 A769s</subfield>
      <subfield code="e">PRESIUNPA/00</subfield>
      <subfield code="8">CG</subfield>
    </datafield>
  </record>