
  <record>
    <leader>01000aam  22002601a 4500</leader>
    <controlfield tag="001">YPZ13624</controlfield>
    <controlfield tag="003">YPZ</controlfield>
    <controlfield tag="005">200608161306330</controlfield>
    <controlfield tag="008">060816|###########||||||b||||||||||spa|d</controlfield>
    <datafield tag="020" ind1=" " ind2=" ">
      <subfield code="a">0486673553</subfield>
    </datafield>
    <datafield tag="040" ind1=" " ind2=" ">
      <subfield code="c">SIUNPA</subfield>
    </datafield>
    <datafield tag="041" ind1=" " ind2=" ">
      <subfield code="a">eng</subfield>
    </datafield>
    <datafield tag="044" ind1=" " ind2=" ">
      <subfield code="a">US</subfield>
    </datafield>
    <datafield tag="080" ind1=" " ind2=" ">
      <subfield code="a">54 B622g</subfield>
    </datafield>
    <datafield tag="100" ind1=" " ind2=" ">
      <subfield code="a">Bishop David M..</subfield>
    </datafield>
    <datafield tag="245" ind1=" " ind2=" ">
      <subfield code="a">Group theory and chemistry</subfield>
    </datafield>
    <datafield tag="260" ind1=" " ind2=" ">
      <subfield code="a">New York</subfield>
      <subfield code="b"> : Dover</subfield>
      <subfield code="c"> , c1973</subfield>
    </datafield>
    <datafield tag="300" ind1=" " ind2=" ">
      <subfield code="a">2 v. : </subfield>
      <subfield code="b">il. ; </subfield>
      <subfield code="a">xvi,300 p. : </subfield>
      <subfield code="b">il. ; </subfield>
    </datafield>
    <datafield tag="650" ind1=" " ind2=" ">
      <subfield code="a">QUIMICA FISICA Y TEORICA</subfield>
    </datafield>
    <datafield tag="650" ind1=" " ind2=" ">
      <subfield code="a">TEORIA DE GRUPOS</subfield>
    </datafield>
    <datafield tag="942" ind1=" " ind2=" ">
      <subfield code="c">BK</subfield>
    </datafield>
    <datafield tag="952" ind1=" " ind2=" ">
      <subfield code="a">BIB_RECT</subfield>
      <subfield code="b">BIB_UARG</subfield>
      <subfield code="d">2006-08-28</subfield>
      <subfield code="y">BK</subfield>
      <subfield code="p">05-14434</subfield>
      <subfield code="i">05-14434</subfield>
      <subfield code="g">25</subfield>
      <subfield code="o">54 B622g</subfield>
      <subfield code="e">PRESIUNPA/00</subfield>
      <subfield code="8">CG</subfield>
    </datafield>
  </record>