
  <record>
    <leader>01000aam  22002601a 4500</leader>
    <controlfield tag="001">YPZ13642</controlfield>
    <controlfield tag="003">YPZ</controlfield>
    <controlfield tag="005">200608161306330</controlfield>
    <controlfield tag="008">060816|###########||||||b||||||||||spa|d</controlfield>
    <datafield tag="020" ind1=" " ind2=" ">
      <subfield code="a">0231102860</subfield>
    </datafield>
    <datafield tag="040" ind1=" " ind2=" ">
      <subfield code="c">SIUNPA</subfield>
    </datafield>
    <datafield tag="041" ind1=" " ind2=" ">
      <subfield code="a">eng</subfield>
    </datafield>
    <datafield tag="044" ind1=" " ind2=" ">
      <subfield code="a">US</subfield>
    </datafield>
    <datafield tag="080" ind1=" " ind2=" ">
      <subfield code="a">165 P991t</subfield>
    </datafield>
    <datafield tag="100" ind1=" " ind2=" ">
      <subfield code="a">Putnam Hilary.</subfield>
    </datafield>
    <datafield tag="245" ind1=" " ind2=" ">
      <subfield code="a">The threefold cord, mind, body, and world</subfield>
      <subfield code="b"> : mind, body, and world</subfield>
    </datafield>
    <datafield tag="260" ind1=" " ind2=" ">
      <subfield code="a">New York</subfield>
      <subfield code="b"> : Columbia University Press</subfield>
      <subfield code="c"> , 1999</subfield>
    </datafield>
    <datafield tag="300" ind1=" " ind2=" ">
      <subfield code="a">xii,233 p. : </subfield>
    </datafield>
    <datafield tag="440" ind1=" " ind2=" ">
      <subfield code="a">Nuevos escritores argentinos</subfield>
      <subfield code="a">The Addison-Wesley object technology series</subfield>
      <subfield code="a">Schaum's outline series</subfield>
      <subfield code="a">Schaum's solved problems series</subfield>
      <subfield code="a">Princeton science library</subfield>
      <subfield code="a">Environmental science hazardous waste</subfield>
      <subfield code="a">Techniques in analytical chemistry series</subfield>
      <subfield code="a">The John Dewey essays in philosophy</subfield>
      <subfield code="v">no. 5</subfield>
    </datafield>
    <datafield tag="490" ind1=" " ind2=" ">
      <subfield code="a">Nuevos escritores argentinos</subfield>
      <subfield code="a">The Addison-Wesley object technology series</subfield>
      <subfield code="a">Schaum's outline series</subfield>
      <subfield code="a">Schaum's solved problems series</subfield>
      <subfield code="a">Princeton science library</subfield>
      <subfield code="a">Environmental science hazardous waste</subfield>
      <subfield code="a">Techniques in analytical chemistry series</subfield>
      <subfield code="a">The John Dewey essays in philosophy</subfield>
      <subfield code="v">no. 5</subfield>
    </datafield>
    <datafield tag="440" ind1=" " ind2=" ">
      <subfield code="v">no. 5</subfield>
    </datafield>
    <datafield tag="490" ind1=" " ind2=" ">
      <subfield code="v">no. 5</subfield>
    </datafield>
    <datafield tag="650" ind1=" " ind2=" ">
      <subfield code="a">EPISTEMOLOGIA</subfield>
    </datafield>
    <datafield tag="650" ind1=" " ind2=" ">
      <subfield code="a">REALISMO</subfield>
    </datafield>
    <datafield tag="942" ind1=" " ind2=" ">
      <subfield code="c">BK</subfield>
    </datafield>
    <datafield tag="952" ind1=" " ind2=" ">
      <subfield code="a">BIB_RECT</subfield>
      <subfield code="b">BIB_UARG</subfield>
      <subfield code="d">2006-08-28</subfield>
      <subfield code="y">BK</subfield>
      <subfield code="p">05-14508</subfield>
      <subfield code="i">05-14508</subfield>
      <subfield code="g"/>
      <subfield code="o">165 P991t</subfield>
      <subfield code="e">FOMEC 585</subfield>
      <subfield code="8">CG</subfield>
    </datafield>
  </record>